@Article{bib:Crogan,
     author    = "Christopher Rogan",
     title     = "{Kinematics for new dynamics at the LHC}",
     eprint    = "1006.2727",
     archivePrefix = "arXiv",
     type = "CALT",
     number = "68-2790",
     year = 2011
}

